@book{ashcraft2016women,
  title={Women in tech: The facts},
  author={Ashcraft, Catherine and McLain, Brad and Eger, Elizabeth},
  year={2016},
  publisher={National Center for Women \& Technology (NCWIT) Colorado, CO, USA}
}

@incollection{branson2018future,
  title={The Future of Tech Is Female},
  author={Branson, Douglas M},
  booktitle={The Future of Tech Is Female},
  year={2018},
  publisher={New York University Press}
}